@inproceedings{hotnets21,
  title={Don't Hate the Player, Hate the Game: Safety and Utility in Multi-Agent Congestion Control},
  author={Thaker, Pratiksha and Zaharia, Matei and Hashimoto, Tatsunori},
  booktitle={Proceedings of the Twentieth ACM Workshop on Hot Topics in Networks},
  pages={140--146},
  year={2021}
}
@book{morbook,
  title={Performance modeling and design of computer systems: queueing theory in action},
  author={Harchol-Balter, Mor},
  year={2013},
  publisher={Cambridge University Press}
}